@misc{latex:1, 
	title="Introduction to LaTeX",
	url={https://www.latex-project.org/about/}, 
	language={en} 
}

